@article{7972274,
  author={Purushothaman, Sarath Kumar and Kashyap, Nishant and Singh, Viral and Bharti, Abhishek and Sawant, Sanjeed},
  booktitle={2017 2nd International Conference on Computing and Communications Technologies (ICCCT)}, 
  title={Automation approach for cocos-2dx based multi-player card game for web and mobile}, 
  year={2017},
  volume={},
  number={},
  pages={222-225},
  keywords={Games;Automation;Image recognition;Tools;Selenium;Image resolution;Mobile communication;cocos-2dx;FSM;multi-player card game;heuristic},
  doi={10.1109/ICCCT2.2017.7972274}}

@article{9563607,
  author={Hu, Xuewen and Yu, Tao and Wan, Kai and Yuan, Jie},
  booktitle={2021 IEEE International Conference on Electronic Technology, Communication and Information (ICETCI)}, 
  title={Poker card recognition with computer vision methods}, 
  year={2021},
  volume={},
  number={},
  pages={11-15},
  keywords={Heart;Image recognition;Shape;Filtering;Image color analysis;Face recognition;Games;The moment of binary image;Contour shape matching;Graying;Binarization;Gaussian filtering},
  doi={10.1109/ICETCI53161.2021.9563607}
  }

@Comment{jabref-meta: databaseType:bibtex;}
